<record><leader>00000cas a22000007a 4500</leader><controlfield tag="001">37209673</controlfield><controlfield tag="008">970627d18511851vauuu ne      0    0eng d</controlfield><datafield ind1=" " ind2=" " tag="010"><subfield code="a">sn 97067103 </subfield></datafield><datafield ind1=" " ind2=" " tag="040"><subfield code="a">NVK</subfield><subfield code="b">eng</subfield><subfield code="c">NVK</subfield><subfield code="d">OCL</subfield><subfield code="d">OCLCQ</subfield><subfield code="d">OCLCF</subfield><subfield code="d">OCLCO</subfield><subfield code="d">NDD</subfield></datafield><datafield ind1=" " ind2=" " tag="042"><subfield code="a">msc</subfield></datafield><datafield ind1=" " ind2=" " tag="043"><subfield code="a">n-us-va</subfield></datafield><datafield ind1="0" ind2="0" tag="245"><subfield code="a">Supplement to the Enquirer, Whig, Examiner, Times, Republican, and Republican advocate.</subfield></datafield><datafield ind1=" " ind2=" " tag="260"><subfield code="a">Richmond (Va.) :</subfield><subfield code="b">[s.n.]</subfield></datafield><datafield ind1=" " ind2=" " tag="300"><subfield code="a">v. ;</subfield><subfield code="c">63 cm.</subfield></datafield><datafield ind1=" " ind2=" " tag="500"><subfield code="a">Political convention newspaper.</subfield></datafield><datafield ind1=" " ind2=" " tag="500"><subfield code="a">"Virginia Reform Convention."</subfield></datafield><datafield ind1=" " ind2=" " tag="500"><subfield code="a">A constitutional convention met in Richmond Oct. 14-Nov. 14, 1850, and again Jan. 6-Aug. 1, 1851. Proceedings of the January-August, 1851, sessions were published in supplements to the Richmond enquirer and other Richmond newspapers.</subfield></datafield><datafield ind1=" " ind2=" " tag="500"><subfield code="a">"Furnished to Robert H. Gallaher, Publisher to the Convention, by William G. Bishop, Official Reporter."</subfield></datafield><datafield ind1=" " ind2=" " tag="500"><subfield code="a">Convention proceedings for Jan. 6-March 7 were also published in book format under title: Register of debates and proceedings of the Va. Reform Convention.</subfield></datafield><datafield ind1=" " ind2="0" tag="651"><subfield code="a">Richmond (Va.)</subfield><subfield code="v">Newspapers.</subfield></datafield><datafield ind1=" " ind2="7" tag="651"><subfield code="a">Virginia</subfield><subfield code="z">Richmond.</subfield><subfield code="2">fast</subfield><subfield code="0">(OCoLC)fst01205345</subfield></datafield><datafield ind1=" " ind2="7" tag="655"><subfield code="a">Newspapers.</subfield><subfield code="2">fast</subfield><subfield code="0">(OCoLC)fst01423814</subfield></datafield><datafield ind1="1" ind2=" " tag="700"><subfield code="a">Gallaher, Robert H.</subfield></datafield><datafield ind1="1" ind2=" " tag="700"><subfield code="a">Bishop, William G.</subfield></datafield><datafield ind1=" " ind2=" " tag="752"><subfield code="a">United States</subfield><subfield code="b">Virginia</subfield><subfield code="d">Richmond.</subfield></datafield><datafield ind1="1" ind2=" " tag="787"><subfield code="t">Richmond enquirer (Richmond, Va. : 1815 : Semiweekly)</subfield><subfield code="w">(DLC)sn 84024735</subfield><subfield code="w">(OCoLC)1764332</subfield></datafield><datafield ind1="1" ind2=" " tag="787"><subfield code="t">Richmond daily Whig (Richmond, Va. : 1842)</subfield><subfield code="w">(DLC)sn 84024656</subfield><subfield code="w">(OCoLC)10988435</subfield></datafield><datafield ind1="1" ind2=" " tag="787"><subfield code="t">Richmond daily times</subfield><subfield code="w">(DLC)sn 84024692</subfield><subfield code="w">(OCoLC)11072718</subfield></datafield><datafield ind1="1" ind2=" " tag="787"><subfield code="t">Richmond Republican (Richmond, Va. : Daily)</subfield><subfield code="w">(DLC)sn 84024685</subfield><subfield code="w">(OCoLC)11006987</subfield></datafield><datafield ind1="1" ind2=" " tag="787"><subfield code="t">Republican Advocate (Richmond, Va.)</subfield><subfield code="w">(DLC)  2015227999</subfield><subfield code="w">(OCoLC)910557266</subfield></datafield><datafield ind1="1" ind2=" " tag="029"><subfield code="a">AU@</subfield><subfield code="b">000013335545</subfield></datafield></record>